@online{bitouzeConferenceGestionBibliographie,
  type = {Fichier},
  title = {Conférence n°6 : gestion de la bibliographie (biber/biblatex) et citations},
  shorttitle = {Conférence n°6},
  author = {Bitouzé, Denis},
  url = {https://gte.univ-littoral.fr/Members/denis-bitouze/pub/latex/diapositives-cours-d/conference-n-6/view},
  urldate = {2022-01-24},
  abstract = {Gestion de la bibliographie au moyen de biber/biblatex et citations d'extraits},
  langid = {french},
  organization = {{IUT Métiers de la Transition et de l'Efficacité Énergétique de Dunkerque}},
  file = {/home/adminuser/Zotero/storage/54F8ZV3L/view.html}
}

@online{CTANBibLaTeX,
  title = {{{CTAN}}: {{BibLaTeX}}},
  url = {https://www.ctan.org/topic/biblatex},
  urldate = {2022-01-24},
  file = {/home/adminuser/Zotero/storage/889ZASRI/biblatex.html}
}

@online{CTANPackageBibLaTeX,
  title = {{{CTAN}}: {{Package BibLaTeX}}},
  url = {https://www.ctan.org/pkg/biblatex},
  urldate = {2022-01-24},
  file = {/home/adminuser/Zotero/storage/ZCYSJMFD/biblatex.html}
}

@online{FrStartZotero,
  title = {Documentation {{Zotero}}},
  url = {https://www.zotero.org/support/fr/start},
  urldate = {2022-01-24},
  file = {/home/adminuser/Zotero/storage/UDPJNFJZ/start.html}
}

@online{InstallationBetterBibTeX,
  title = {Better {{BibTeX}} for {{Zotero}}},
  url = {https://retorque.re/zotero-better-bibtex/installation/},
  urldate = {2022-01-24},
  file = {/home/adminuser/Zotero/storage/XHEFUKRV/installation.html}
}

@online{TutosPourMaitriser,
  title = {Des tutos pour maîtriser Zotero},
  url = {https://portaildoc.univ-lyon1.fr/bibliotheques/des-tutos-pour-maitriser-zotero},
  urldate = {2022-01-25},
  langid = {french},
  organization = {{BU Lyon 1}},
  file = {/home/adminuser/Zotero/storage/4F4FASPA/des-tutos-pour-maitriser-zotero.html}
}

@online{XeLaTeXApplique,
  title = {({{Xe}}){{LaTeX}} Appliqué Aux Sciences Humaines},
  url = {https://geekographie.maieul.net/95},
  urldate = {2022-01-24},
  file = {/home/adminuser/Zotero/storage/E9VDQS5B/95.html}
}

@online{ZoteroDownloads,
  title = {Zotero | {{Downloads}}},
  url = {https://www.zotero.org/download/},
  urldate = {2022-01-24},
  file = {/home/adminuser/Zotero/storage/HH48M4WL/download.html}
}
